%% This BibTeX bibliography file was created using BibDesk.
%% http://bibdesk.sourceforge.net/


%% Created for Yufei Wang at 2014-06-09 22:56:51 -0700 


%% Saved with string encoding Unicode (UTF-8) 



@article{blei,
	Author = {Blei, David M. and Ng, Andrew Y. and Jordan, Michael I.},
	Date-Added = {2014-02-27 19:25:08 +0000},
	Date-Modified = {2014-02-27 19:25:50 +0000},
	Journal = {J. Mach. Learn. Res.},
	Pages = {993--1022},
	Title = {Latent Dirichlet Allocation},
	Volume = {3},
	Year = {2003}}

@article{backprop,
	Author = {Y. LeCun, L. Bottou, G. Orr and K. Muller},
	Date-Added = {2014-02-26 19:56:05 +0000},
	Date-Modified = {2014-06-10 05:56:48 +0000},
	Journal = {Neural Networks: Tricks of the trade},
	Title = {Efficient BackProp},
	Year = {1998}}

@inproceedings{imagenet,
	Author = {Alex Krizhevsky and Ilya Sutskever and Geoffrey E. Hinton},
	Booktitle = {Advances in Neural Information Processing Systems},
	Date-Added = {2014-02-26 04:28:09 +0000},
	Date-Modified = {2014-06-10 04:30:38 +0000},
	Title = {Imagenet classification with deep convolutional neural networks},
	Year = {2012}}

@techreport{gregor,
	Author = {Gregor Heinrich},
	Date-Added = {2014-02-26 04:26:37 +0000},
	Date-Modified = {2014-02-26 04:27:21 +0000},
	Title = {Parameter estimation for text analysis},
	Year = {2004}}

@conference{hanna,
	Author = {Wallach, Hanna M. and Murray, Iain and Salakhutdinov, Ruslan and Mimno, David},
	Booktitle = {Proceedings of the 26th Annual International Conference on Machine Learning},
	Date-Added = {2014-02-26 03:34:43 +0000},
	Date-Modified = {2014-02-26 04:28:04 +0000},
	Pages = {1105--1112},
	Publisher = {ACM},
	Title = {Evaluation Methods for Topic Models},
	Year = {2009}}

@article{lecture,
	Author = {Elkan, Charles},
	Date-Added = {2014-01-22 02:01:10 +0000},
	Date-Modified = {2014-02-26 03:34:07 +0000},
	Title = {Text mining and topic models},
	Year = {February 12, 2014}}
